@article{hagstrom:prestige,
  author = {Hagstrom, Warren O.},
  title = {Inputs, Outputs, and the Prestige of University Science Departments},
  journal = {Sociology of Education},
  volume = {44},
  number = {4},
  year = {1971},
  pages = {375--397},
  publisher = {American Sociological Association},
  url = {http://www.jstor.org/stable/2112029},
  note = {Accessed: 2016-11-27}
}

@article{cole:citation-prestige,
  author = {Cole, Stephen},
  title = {Professional Standing and the Reception of Scientific Discoveries},
  journal = {American Journal of Sociology},
  volume = {76},
  number = {2},
  year = {1970},
  pages = {286--306},
  publisher = {The University of Chicago Press},
  url = {http://www.jstor.org/stable/2775594},
  note = {Accessed: 2016-10-11}
}

@article{allison:department-effects,
  author = {Allison, Paul D. and Long, J. Scott},
  title = {Departmental Effects on Scientific Productivity},
  journal = {American Sociological Review},
  volume = {55},
  number = {4},
  year = {1990},
  pages = {469--478},
  publisher = {American Sociological Association},
  url = {http://www.jstor.org/stable/2095801},
  note = {Accessed: 2016-10-22}
}

@article {merton:matthew-effect,
	author = {Merton, Robert K.},
	title = {The Matthew Effect in Science},
	volume = {159},
	number = {3810},
	pages = {56--63},
	year = {1968},
	doi = {10.1126/science.159.3810.56},
	publisher = {American Association for the Advancement of Science},
	issn = {0036-8075},
	URL = {http://science.sciencemag.org/content/159/3810/56},
	eprint = {http://science.sciencemag.org/content/159/3810/56.full.pdf},
	journal = {Science},
    note = {Accessed: 2016-10-11}
}

@book{newman:networks,
 author = {Newman, Mark},
 title = {Networks: An Introduction},
 year = {2010},
 isbn = {0199206651, 9780199206650},
 publisher = {Oxford University Press, Inc.},
 address = {New York, NY, USA},
}

@misc{clauset:hiringweb,
  author = {Clauset, A.},
  title = {Faculty Hiring Networks},
  howpublished = {\url{http://archive.is/JP68g}},
  note = {Accessed: 2016-12-08}
}

@article{clauset:hiring,
    author = {Clauset, A. and Arbesman, S. and Larremore, D. B.},
    citeulike-article-id = {13539949},
    citeulike-linkout-0 = {http://dx.doi.org/10.1126/sciadv.1400005},
    day = {12},
    doi = {10.1126/sciadv.1400005},
    issn = {2375-2548},
    journal = {Science Advances},
    keywords = {academia, career, social-network-analysis},
    month = feb,
    number = {1},
    pages = {e1400005},
    posted-at = {2015-03-07 17:22:48},
    priority = {2},
    title = {{Systematic inequality and hierarchy in faculty hiring networks}},
    url = {/url{http://dx.doi.org/10.1126/sciadv.1400005}},
    volume = {1},
    year = {2015}
}

@inproceedings{gaussier:infodiffusion,
 author = {Gaussier, Eric},
 title = {Models of Information Diffusion in Social Networks},
 booktitle = {Proceedings of the Second Symposium on Information and Communication Technology},
 series = {SoICT '11},
 year = {2011},
 isbn = {978-1-4503-0880-9},
 location = {Hanoi, Vietnam},
 pages = {2--2},
 numpages = {1},
 url = {http://doi.acm.org/10.1145/2069216.2069218},
 doi = {10.1145/2069216.2069218},
 acmid = {2069218},
 publisher = {ACM},
 address = {New York, NY, USA},
}

@article{bettencourt:ideaspread,
Author = {Luís M. A. Bettencourt and Ariel Cintrón-Arias and David I. Kaiser and Carlos Castillo-Chávez},
Title = {The power of a good idea: quantitative modeling of the spread of ideas from epidemiological models},
Year = {2005},
Eprint = {arXiv:physics/0502067},
Doi = {10.1016/j.physa.2005.08.083},
}

@article{page:rank,
Author = {Larry Page and Sergey Brin and R. Motwani and T. Winograd},
Title = {The PageRank Citation Ranking: Bringing Order to the Web},
Year = {1998}
}

@article{epidemicsurvey,
  title = {Epidemic processes in complex networks},
  author = {Pastor-Satorras, Romualdo and Castellano, Claudio and Van Mieghem, Piet and Vespignani, Alessandro},
  journal = {Rev. Mod. Phys.},
  volume = {87},
  issue = {3},
  pages = {925--979},
  numpages = {55},
  year = {2015},
  month = {Aug},
  publisher = {American Physical Society},
  doi = {10.1103/RevModPhys.87.925},
  url = {http://link.aps.org/doi/10.1103/RevModPhys.87.925}
}

@MISC{infodiffusionstanford,
title = {Information Diffusion in Social Media},
author = {Dotey, Andrew and Rom, Hassan and Vaca, Carmen},
year = {2011},
editor = {Stanford University},
url = {http://snap.stanford.edu/class/cs224w-2011/proj/mrom_Finalwriteup_v1.pdf}
}

@article{hethcote,
 author = {Hethcote, Herbert W.},
 title = {The Mathematics of Infectious Diseases},
 journal = {SIAM Rev.},
 issue_date = {Dec. 2000},
 volume = {42},
 number = {4},
 month = dec,
 year = {2000},
 issn = {0036-1445},
 pages = {599--653},
 numpages = {55},
 url = {http://dx.doi.org/10.1137/S0036144500371907},
 doi = {10.1137/S0036144500371907},
 acmid = {364915},
 publisher = {Society for Industrial and Applied Mathematics},
 address = {Philadelphia, PA, USA},
 keywords = {basic reproduction number, contact number, epidemiology, infectious diseases, thresholds},
}


@Misc{scipy,
  author =    {Eric Jones and Travis Oliphant and Pearu Peterson and others},
  title =     {{SciPy}: Open source scientific tools for {Python}},
  year =      {2001-2016},
  url = "http://www.scipy.org/",
  note = {[Online; accessed 1 Dec, 2016]}
}

@misc{jones:reproduction,
  author        = {Jones, James Holland},
  title         = {Notes on $\mathcal{R}_0$},
  month         = {October},
  year          = {2013},
  publisher= {Department of Anthropological Sciences, Stanford University}
}


@inproceedings{networkx,
author = {Aric A. Hagberg and Daniel A. Schult and Pieter J. Swart},
title = {Exploring network structure, dynamics, and function using {NetworkX}},
year = {2008},
month = Aug,
urlpdf = {http://math.lanl.gov/~hagberg/Papers/hagberg-2008-exploring.pdf},
booktitle = {Proceedings of the 7th Python in Science Conference (SciPy2008)},
editors = {G\"{a}el Varoquaux, Travis Vaught, and Jarrod Millman},
address = {Pasadena, CA USA},
pages = {11--15}
}


@article{numpy,
 author = {Walt, Stefan van der and Colbert, S. Chris and Varoquaux, Gael},
 title = {The NumPy Array: A Structure for Efficient Numerical Computation},
 journal = {Computing in Science and Engg.},
 issue_date = {March 2011},
 volume = {13},
 number = {2},
 month = mar,
 year = {2011},
 issn = {1521-9615},
 pages = {22--30},
 numpages = {9},
 url = {http://dx.doi.org/10.1109/MCSE.2011.37},
 doi = {10.1109/MCSE.2011.37},
 acmid = {1957466},
 publisher = {IEEE Educational Activities Department},
 address = {Piscataway, NJ, USA},
 keywords = {NumPy, Python, Python, NumPy, scientific programming, numerical computations, programming libraries, numerical computations, programming libraries, scientific programming},
} 


@article{chakrabarti:epidemicsonrealnetworks,
 author = {Chakrabarti, Deepayan and Wang, Yang and Wang, Chenxi and Leskovec, Jurij and Faloutsos, Christos},
 title = {Epidemic Thresholds in Real Networks},
 journal = {ACM Trans. Inf. Syst. Secur.},
 issue_date = {January 2008},
 volume = {10},
 number = {4},
 month = jan,
 year = {2008},
 issn = {1094-9224},
 pages = {1:1--1:26},
 articleno = {1},
 numpages = {26},
 url = {http://doi.acm.org/10.1145/1284680.1284681},
 doi = {10.1145/1284680.1284681},
 acmid = {1284681},
 publisher = {ACM},
 address = {New York, NY, USA},
 keywords = {Viral propagation, eigenvalue, epidemic threshold},
} 


@article{malliaros:influentialnodes,
   author = {{Malliaros}, F.~D. and {Rossi}, M.-E.~G. and {Vazirgiannis}, M.
	},
    title = "{Locating influential nodes in complex networks}",
  journal = {Scientific Reports},
     year = 2016,
    month = jan,
   volume = 6,
      eid = {19307},
    pages = {19307},
      doi = {10.1038/srep19307},
   adsurl = {http://adsabs.harvard.edu/abs/2016NatSR...619307M},
  adsnote = {Provided by the SAO/NASA Astrophysics Data System}
}

@Article{fournet:2016,
author={Fournet, Julie and Barrat, Alain},
title={Epidemic risk from friendship network data: an equivalence with a non-uniform sampling of contact networks},
journal={Scientific Reports},
year={2016},
month={Apr},
day={15},
publisher={The Author(s) SN  -},
volume={6},
pages={24593 EP  -},
note={Article},
url={http://dx.doi.org/10.1038/srep24593}
}




@article{rombach:coreperiphery,
author = {M. Puck Rombach and Mason A. Porter and James H. Fowler and Peter J. Mucha},
title = {Core-Periphery Structure in Networks},
journal = {SIAM Journal on Applied Mathematics},
volume = {74},
number = {1},
pages = {167-190},
year = {2014},
doi = {10.1137/120881683},

URL = { 
        http://dx.doi.org/10.1137/120881683
    
},
eprint = { 
        http://dx.doi.org/10.1137/120881683
    
}

}