@book{newman:networks,
 author = {Newman, Mark},
 title = {Networks: An Introduction},
 year = {2010},
 isbn = {0199206651, 9780199206650},
 publisher = {Oxford University Press, Inc.},
 address = {New York, NY, USA},
}

@article{clauset:hiring,
    author = {Clauset, A. and Arbesman, S. and Larremore, D. B.},
    citeulike-article-id = {13539949},
    citeulike-linkout-0 = {http://dx.doi.org/10.1126/sciadv.1400005},
    day = {12},
    doi = {10.1126/sciadv.1400005},
    issn = {2375-2548},
    journal = {Science Advances},
    keywords = {academia, career, social-network-analysis},
    month = feb,
    number = {1},
    pages = {e1400005},
    posted-at = {2015-03-07 17:22:48},
    priority = {2},
    title = {{Systematic inequality and hierarchy in faculty hiring networks}},
    url = {http://dx.doi.org/10.1126/sciadv.1400005},
    volume = {1},
    year = {2015}
}

@inproceedings{gaussier:infodiffusion,
 author = {Gaussier, Eric},
 title = {Models of Information Diffusion in Social Networks},
 booktitle = {Proceedings of the Second Symposium on Information and Communication Technology},
 series = {SoICT '11},
 year = {2011},
 isbn = {978-1-4503-0880-9},
 location = {Hanoi, Vietnam},
 pages = {2--2},
 numpages = {1},
 url = {http://doi.acm.org/10.1145/2069216.2069218},
 doi = {10.1145/2069216.2069218},
 acmid = {2069218},
 publisher = {ACM},
 address = {New York, NY, USA},
}

@article{bettencourt:ideaspread,
Author = {Luís M. A. Bettencourt and Ariel Cintrón-Arias and David I. Kaiser and Carlos Castillo-Chávez},
Title = {The power of a good idea: quantitative modeling of the spread of ideas from epidemiological models},
Year = {2005},
Eprint = {arXiv:physics/0502067},
Doi = {10.1016/j.physa.2005.08.083},
}

@article{epidemicsurvey,
  title = {Epidemic processes in complex networks},
  author = {Pastor-Satorras, Romualdo and Castellano, Claudio and Van Mieghem, Piet and Vespignani, Alessandro},
  journal = {Rev. Mod. Phys.},
  volume = {87},
  issue = {3},
  pages = {925--979},
  numpages = {55},
  year = {2015},
  month = {Aug},
  publisher = {American Physical Society},
  doi = {10.1103/RevModPhys.87.925},
  url = {http://link.aps.org/doi/10.1103/RevModPhys.87.925}
}

@MISC{infodiffusionstanford,
title = {Information Diffusion in Social Media},
author = {Dotey, Andrew and Rom, Hassan and Vaca, Carmen},
year = {2011},
editor = {Stanford University},
url = {http://snap.stanford.edu/class/cs224w-2011/proj/mrom_Finalwriteup_v1.pdf}
}

@article{hethcote,
 author = {Hethcote, Herbert W.},
 title = {The Mathematics of Infectious Diseases},
 journal = {SIAM Rev.},
 issue_date = {Dec. 2000},
 volume = {42},
 number = {4},
 month = dec,
 year = {2000},
 issn = {0036-1445},
 pages = {599--653},
 numpages = {55},
 url = {http://dx.doi.org/10.1137/S0036144500371907},
 doi = {10.1137/S0036144500371907},
 acmid = {364915},
 publisher = {Society for Industrial and Applied Mathematics},
 address = {Philadelphia, PA, USA},
 keywords = {basic reproduction number, contact number, epidemiology, infectious diseases, thresholds},
}
